<?xml version="1.0" encoding="utf-8"?>
<record xmlns="http://www.loc.gov/MARC21/slim" xmlns:xsi="http://www.w3.org/2001/XMLSchema-instance" xsi:schemaLocation="http://www.loc.gov/MARC21/slim http://www.loc.gov/standards/marcxml/schema/MARC21slim.xsd">
	<leader>     nam a22     Mi 4500</leader>
	<controlfield tag="001">191383</controlfield>
	<controlfield tag="003">NjP</controlfield>
	<controlfield tag="006">m        d        </controlfield>
	<controlfield tag="007">cr cn |||m|||a</controlfield>
	<controlfield tag="008">200327m19731979ir h    ob    000 0 ara d</controlfield>
	<datafield ind1=" " ind2=" " tag="040">
		<subfield code="a">ZYU</subfield>
		<subfield code="b">ara</subfield>
		<subfield code="e">rda</subfield>
		<subfield code="c">ZYU</subfield>
	</datafield>
	<datafield ind1="1" ind2=" " tag="100">
		<subfield code="6">880-01</subfield>
		<subfield code="a">MajlisiÌ, MuhÌ£ammad TaqiÌ ibn MaqsÌ£uÌd Ê»AliÌ,</subfield>
		<subfield code="d">1594 or 1595-1659 or 1660.</subfield>
	</datafield>
	<datafield ind1="1" ind2="0" tag="245">
		<subfield code="6">880-02</subfield>
		<subfield code="a">Rawḍat al-muttaqīn fī sharh̄ Man lā yaḥḍuruhu al-faqīh /</subfield>
		<subfield code="c">li-muʼallifihi Muḥammad Taqī al-Majlisī ; nammaqahu wa-ʻallaqa ʻalayhi wa-ashrafa ʻalā ṭabʻihi Ḥusayn al-Mūsawī al-Kirmānī wa-ʻAlī Panāh al-Ishtihārdī.</subfield>
	</datafield>
	<datafield ind1=" " ind2=" " tag="260">
		<subfield code="6">880-03</subfield>
		<subfield code="a">[Qum] :</subfield>
		<subfield code="b">Bunyād-i Farhang-i Islāmī-i Ḥājj Muḥammad Ḥusayn Kūshānpūr,</subfield>
		<subfield code="c">1393-1399 [1973-1979]</subfield>
	</datafield>
	<datafield ind1=" " ind2=" " tag="300">
		<subfield code="a">online resource (14 volumes) :</subfield>
		<subfield code="b">facsimiles</subfield>
	</datafield>
	<datafield ind1=" " ind2=" " tag="336">
		<subfield code="a">text</subfield>
		<subfield code="2">rdacontent</subfield>
	</datafield>
	<datafield ind1=" " ind2=" " tag="337">
		<subfield code="a">computer</subfield>
		<subfield code="2">rdamedia</subfield>
	</datafield>
	<datafield ind1=" " ind2=" " tag="338">
		<subfield code="a">online resource</subfield>
		<subfield code="2">rdacarrier</subfield>
	</datafield>
	<datafield ind1=" " ind2=" " tag="500">
		<subfield code="a">Part of the Arabic Collections Online (ACO) project, contributed by Princeton University Libraries.</subfield>
	</datafield>
	<datafield ind1=" " ind2=" " tag="504">
		<subfield code="a">Includes bibliographical references.</subfield>
	</datafield>
	<datafield ind1=" " ind2=" " tag="533">
		<subfield code="a">Electronic reproduction.</subfield>
		<subfield code="b">New York, N.Y. :</subfield>
		<subfield code="c">New York University,</subfield>
		<subfield code="d">2020.</subfield>
		<subfield code="5">NNU</subfield>
	</datafield>
	<datafield ind1="1" ind2="0" tag="600">
		<subfield code="6">880-04</subfield>
		<subfield code="a">Ibn Bābawayh al-Qummī, Muḥammad ibn ʻAlī,</subfield>
		<subfield code="d">918 or 919-991 or 992.</subfield>
		<subfield code="t">Man lā yaḥḍuruhu al-faqīh.</subfield>
	</datafield>
	<datafield ind1=" " ind2="0" tag="650">
		<subfield code="a">Islamic law</subfield>
		<subfield code="v">Early works to 1800.</subfield>
	</datafield>
	<datafield ind1=" " ind2="0" tag="650">
		<subfield code="a">Hadith (Shiites)</subfield>
		<subfield code="x">Commentaries</subfield>
		<subfield code="v">Early works to 1800.</subfield>
	</datafield>
	<datafield ind1="1" ind2=" " tag="700">
		<subfield code="6">880-05</subfield>
		<subfield code="a">Mūsavī Kirmānī, Ḥusayn.</subfield>
	</datafield>
	<datafield ind1="1" ind2=" " tag="700">
		<subfield code="6">880-06</subfield>
		<subfield code="a">Ishtihārdī, ʻAlī Panāh.</subfield>
	</datafield>
	<datafield ind1="2" ind2=" " tag="710">
		<subfield code="a">Princeton University.</subfield>
		<subfield code="b">Library.</subfield>
	</datafield>
	<datafield ind1="0" ind2=" " tag="730">
		<subfield code="a">Arabic Collections Online.</subfield>
	</datafield>
	<datafield ind1="0" ind2="8" tag="776">
		<subfield code="i">Print version:</subfield>
		<subfield code="a">MajlisiÌ, MuhÌ£ammad TaqiÌ ibn MaqsÌ£uÌd Ê»AliÌ, 1594 or 1595-1659 or 1660.</subfield>
		<subfield code="t">Rawḍat al-muttaqīn fī sharh̄ Man lā yaḥḍuruhu al-faqīh</subfield>
		<subfield code="w">(NjP)191383</subfield>
		<subfield code="w">(OCoLC)122879125</subfield>
	</datafield>
	<datafield ind1="4" ind2="0" tag="856">
		<subfield code="u">http://hdl.handle.net/2333.1/t1g1k4q9</subfield>
	</datafield>
	<datafield ind1="1" ind2=" " tag="880">
		<subfield code="6">100-01</subfield>
		<subfield code="a">مجلسي، محمد تقي بن مقصود علي.</subfield>
	</datafield>
	<datafield ind1="1" ind2="0" tag="880">
		<subfield code="6">245-02</subfield>
		<subfield code="a">روضة المتقين في شرح من لا يحضره الفقيه /</subfield>
		<subfield code="c">لمؤلفه محمد تقي المجلسي ؛ نمقه وعلق عليه واشرف على طبعه حسين الموسوي الكرماني وعلي پناه الاشتهاردي.</subfield>
	</datafield>
	<datafield ind1=" " ind2=" " tag="880">
		<subfield code="6">260-03</subfield>
		<subfield code="a">[قم] :</subfield>
		<subfield code="b">بنياد فرهنگ إسلامي حاج محمد حسين كوشانپور،</subfield>
		<subfield code="c">١٣٩٣-١٣٩٩.</subfield>
	</datafield>
	<datafield ind1="1" ind2="4" tag="880">
		<subfield code="6">600-04</subfield>
		<subfield code="a">ابن بابويه القمي، محمد بن علي.</subfield>
		<subfield code="t">من لا يحضره الفقيه.</subfield>
	</datafield>
	<datafield ind1="1" ind2=" " tag="880">
		<subfield code="6">700-05</subfield>
		<subfield code="a">موسوي كرماني، حسين.</subfield>
	</datafield>
	<datafield ind1="1" ind2=" " tag="880">
		<subfield code="6">700-06</subfield>
		<subfield code="a">اشتهاردي، علي پناه.</subfield>
	</datafield>
	<datafield ind1=" " ind2=" " tag="959">
		<subfield code="a">NNU</subfield>
		<subfield code="b">WEB</subfield>
		<subfield code="c">GENI</subfield>
		<subfield code="t">0</subfield>
		<subfield code="m">Electronic access</subfield>
		<subfield code="s">01</subfield>
	</datafield>
	<datafield ind1=" " ind2=" " tag="999">
		<subfield code="i">NjP_191383</subfield>
		<subfield code="o">(OCoLC)ocn122879125</subfield>
		<subfield code="s">princeton_aco001793</subfield>
		<subfield code="s">princeton_aco001808</subfield>
		<subfield code="s">princeton_aco001888</subfield>
		<subfield code="s">princeton_aco001919</subfield>
		<subfield code="s">princeton_aco002073</subfield>
		<subfield code="s">princeton_aco002074</subfield>
		<subfield code="s">princeton_aco002077</subfield>
		<subfield code="s">princeton_aco002091</subfield>
		<subfield code="s">princeton_aco002225</subfield>
		<subfield code="s">princeton_aco002226</subfield>
		<subfield code="s">princeton_aco002227</subfield>
		<subfield code="s">princeton_aco002228</subfield>
		<subfield code="s">princeton_aco002229</subfield>
		<subfield code="s">princeton_aco002232</subfield>
		<subfield code="e">(ERROR-MISC)</subfield>
	</datafield>
</record>
